<?xml version="1.0" encoding="UTF-8"?>
<record xmlns="http://www.loc.gov/MARC21/slim" xmlns:xsi="http://www.w3.org/2001/XMLSchema-instance" xsi:schemaLocation="http://www.loc.gov/MARC21/slim http://www.loc.gov/standards/marcxml/schema/MARC21slim.xsd">
<leader>     nam a2200229 a 4500</leader>
<controlfield tag="001">001680138</controlfield>
<controlfield tag="003">NNU</controlfield>
<controlfield tag="005">20001218222325.0</controlfield>
<controlfield tag="008">940719s1897    ua            000 0dara d</controlfield>
<datafield tag="035" ind1="9" ind2=" ">
<subfield code="a">NYUb12223538</subfield>
</datafield>
<datafield tag="035" ind1=" " ind2=" ">
<subfield code="a">(CStRLIN)NJPG94-B41703</subfield>
</datafield>
<datafield tag="040" ind1=" " ind2=" ">
<subfield code="a">NjP</subfield>
<subfield code="c">NjP</subfield>
</datafield>
<datafield tag="100" ind1="1" ind2=" ">
<subfield code="a">Abū al-Hudá al-Ṣayyādī, Muḥammad ibn Ḥasan Wādī,</subfield>
<subfield code="d">1849 or 50-1910 or 11.</subfield>
</datafield>
<datafield tag="240" ind1="1" ind2="0">
<subfield code="a">Dīwān Mirʼāt al-shuhūd fī madḥ Sulṭān al-al-Wujūd ṣallá Allāh ʻalayhi wa-sallam</subfield>
</datafield>
<datafield tag="245" ind1="1" ind2="0">
<subfield code="a">Hādhā Dīwān Mirʼāt al-shuhūd fī madḥ Sulṭān al-al-Wujūd ṣallá Allāh ʻalayhi wa-sallam /</subfield>
<subfield code="c">li-Muḥammad Abī al-Hudá Afandī al-Ṣayyādī al-Rifāʻī al-Khālidī.</subfield>
</datafield>
<datafield tag="260" ind1=" " ind2=" ">
<subfield code="a">Miṣr :</subfield>
<subfield code="b">al-Maṭbaʻah al-ʻUmūmīyah,</subfield>
<subfield code="c">1897.</subfield>
</datafield>
<datafield tag="300" ind1=" " ind2=" ">
<subfield code="a">278 p. ;</subfield>
<subfield code="c">23 cm.</subfield>
</datafield>
<datafield tag="600" ind1="0" ind2="0">
<subfield code="a">Muḥammad,</subfield>
<subfield code="c">Prophet,</subfield>
<subfield code="d">d. 632</subfield>
<subfield code="v">Poetry.</subfield>
</datafield>
<datafield tag="740" ind1="0" ind2="1">
<subfield code="a">Dīwān Mirʼāt al-shuhūd fī madḥ Sulṭān al-al-Wujūd ṣallá Allāh ʻalayhi wa-sallam.</subfield>
</datafield>
<datafield tag="740" ind1="0" ind2="1">
<subfield code="a">Mirʼāt al-shuhūd fī madḥ Sulṭān al-al-Wujūd ṣallá Allāh ʻalayhi wa-sallam.</subfield>
</datafield>
<datafield tag="OWN" ind1=" " ind2=" ">
<subfield code="a">GENERAL</subfield>
</datafield>
<datafield tag="950" ind1=" " ind2=" ">
<subfield code="l">BMAIN</subfield>
<subfield code="a">PJ7542.M8</subfield>
<subfield code="b">K5</subfield>
</datafield>
<datafield tag="955" ind1=" " ind2=" ">
<subfield code="l">BMAIN</subfield>
<subfield code="c">1</subfield>
<subfield code="r">028850769</subfield>
</datafield>
<datafield tag="998" ind1=" " ind2=" ">
<subfield code="s">9124</subfield>
</datafield>
<datafield tag="AVA" ind1=" " ind2=" ">
<subfield code="a">NYU50</subfield>
<subfield code="b">BOBST</subfield>
<subfield code="c">Main Collection</subfield>
<subfield code="d">PJ7542.M8 K5</subfield>
<subfield code="e">unavailable</subfield>
<subfield code="t">Unavailable</subfield>
<subfield code="f">1</subfield>
<subfield code="g">1</subfield>
<subfield code="h">N</subfield>
<subfield code="i">0</subfield>
<subfield code="j">MAIN</subfield>
<subfield code="k">0</subfield>
</datafield>
</record>
